http://osiris.df.unipi.it/~andreozzi/notes/sem1997.pdf

https://cloud.acrobat.com/folder/75b22a92-59ab-464c-8f5d-08af8127115e

http://unimap.unipi.it/registri/dettregistriNEW.php?re=2089584::::&ri=13254